@comment{This file has been generated by Pybliographer}


@Misc{f2py,
  Author         = {Peterson, Pearu},
  Title          = {F2{P}y -- {F}ortran to {P}ython interface generator},
  Note           = {\texttt{http://cens.ioc.ee/projects/f2py2e}},
  year           = {2001--}
}

@Misc{MayaVi,
  Author         = {Ramachandran, Prabhu},
  Title          = {The {M}aya{V}i data visualizer},
  Note           = {\texttt{http://mayavi.sourceforge.net}},
  year           = {2001--}
}

@Misc{JDH04,
  Author         = {Hunter, J.D.},
  Title          = {Matplotlib},
  Note           = {\texttt{http://matplotlib.sourceforge.net}},
  year           = 2004
}

@Misc{IPython,
  Author         = {P\'erez, Fernando},
  Title          = {I{P}ython -- an enhanced interactive {P}ython shell},
  Note           = {\texttt{http://ipython.scipy.org}},
  year           = {2001--}
}

@Misc{SciPy,
  Author         = {Jones, Eric and Oliphant, Travis and Peterson, Pearu
                   and others, others},
  Title          = {Sci{P}y: open source scientific tools for {P}ython},
  Note           = {\texttt{http://www.scipy.org}},
  year           = {2001--}
}

@Misc{PYTHON,
  Author         = {van Rossum, Guido and others},
  Title          = {The {P}ython programming language},
  Note           = {\texttt{http://www.python.org}},
  year           = {1991--}
}

@Misc{PMV,
  Author         = {Sanner, Michel},
  Title          = {The {P}ython {M}olecular {V}iewer},
  Note           = {\texttt{http://www.scripps.edu/{\textasciitilde}sanner/python}},
  year           = {1997--}
}


@Book{SchroederEtal2002,
  author =	 {Schoeder, W. and Martin, K. and Lorense, B},
  title = 	 {The Visualization Toolkit: {An} Object Oriented Approach to 3D Graphics},
  publisher = 	 {Kitware, Inc.},
  year = 	 2002,
  edition =	 {3rd}
}

@Book{IbanezSchroeder2003,
  author =	 {Ib'a~nez, L. and Schroeder, W.},
  title = 	 {The ITK Software Guide: The Insight Segmentation and Registration Toolkit},
  chapter = 	 {},
  publisher = 	 {Kitware, Inc.},
  year = 	 2003
}

@Book{Redbook,
  author =	 {Woo, M. and Neider, J. and Davis, T. and Shreiner, D.},
  title = 	 {OpenGL Programming Guide: {The} Official Guide to
                  Learning OpenGL},
  publisher = 	 {Addison Wesley},
  year = 	 1999,
  edition =	 {3rd}
}
